@manual{Datasheet:I2CBUS,
	Author = {NXP-Semiconductors},
	Date-Added = {10.06.2019 10:08},
	Date-Modified = {10.06.2019 10:08},
	Title = {{I2C-bus specification and user manual}},
	Url = {https://www.nxp.com/docs/en/user-guide/UM10204.pdf},
	Urldate = {04.04.2014},
	Year = {2014}
}

@manual{Datasheet:BRITWIND,
	Author = {Britwind},
	Date-Added = {18.12.2019 13:00},
	Date-Modified = {18.12.2019 13:00},
	Title = {{H15 Class II Certification Summary}},
	Url = {http://www.britwind.co.uk/content/download/4453642/72204792/version/1/file/TR178+V6+Product+Certification+-+H15+Class+II+Certification+Summary.pdf},
	Urldate = {18.12.2019},
	Year = {2019}
}

@book{BK:GPHV,
	title={Grundlagen der photovoltaischen Energiewandlung: Solarstrahlung, Halbleitereigenschaften und Solarzellenkonzepte},
  author={Eschrich, Heinz},
  year={2013},
  publisher={Springer-Verlag}
}

@book{BK:PhotoEng,
  title={Photovoltaik Engineering: Handbuch f{\"u}r Planung, Entwicklung und Anwendung},
  author={Wagner, A.},
  isbn={9783662584552},
  series={VDI-Buch},
  url={https://books.google.de/books?id=cdmBDwAAQBAJ},
  year={2018},
  publisher={Springer Berlin Heidelberg}
}

@book{BK:RegET,
  title={Regenerative Energietechnik},
  author={Wesselak, Viktor and Schabbach, Thomas and Link, Thomas and Fischer, Joachim},
  year={2013},
  publisher={Springer-Verlag}
}

@book{TR:REN1,
	Author = {Thomas Hunger},
	Title = {REN1 - Script},
	Year = {2019}
}

@book{BK:QEEK,
	Author = {Quaschning, Volker},
	Title = {Erneuerbare Energien und Klimaschutz},
	Year = {2018}
}

@misc{Webp:NASAFFSheet ,
	Author = {NASA},
  title = {{Sun Fact Sheet}},
  howpublished = {\url{https://nssdc.gsfc.nasa.gov/planetary/factsheet/sunfact.html}},
  note = {Zugriff: 27.10.2019},
	Year = {2019}
}

@misc{Webp:YAY ,
	Author = {City of Yuma},
  title = {{About Yuma}},
  howpublished = {\url{https://www.yumaaz.gov/city-administration/about-yuma-arizona.html}},
  note = {Zugriff: 15.12.2019},
	Year = {2019}
}

@techreport{TR:KVEV,
  title={Kostenoptimale Versorgungssysteme f{\"u}r ein vollautarkes Einfamilienhaus},
  author={Kotzur, Leander and Markewitz, Peter and Robinius, Martin and Stolten, Detlef},
  year={2016},
  institution={Elektrochemische Verfahrenstechnik}
}

@misc{Webp:DestatisEnergieverbrauch,
  author={DeStatis},
  title={energieverbrauch-haushalte},
  howpublished = {\url{https://www.destatis.de/DE/Presse/Pressemitteilungen/2018/03/PD18_068_85.html}},
  note = {Zugriff: 17.11.2019},
  year={2019},
}

@misc{Webp:DestatisWohnungsflaeche,
  author={DeStatis},
  title={Haushalte Wohnungsfl√§che},
  howpublished = {\url{https://www.destatis.de/DE/Themen/Gesellschaft-Umwelt/Wohnen/Tabellen/bewohnte-wohneinheiten.html}},
  note = {Zugriff: 17.12.2019},
  year={2019},
}

@misc{Webp:stmb-vollgeschoss,
  author={Staaatsministerium Bayern},
  title={Baurecht und Technik},
  howpublished = {\url{https://www.stmb.bayern.de/assets/stmi/buw/baurechtundtechnik/baybo_1998.pdf}},
  note = {Zugriff: 17.12.2019},
  year={2019},
}

@misc{Webp:DestatisHaushalte,
  author={DeStatis},
  title={Haushalte Europa},
  howpublished = {\url{https://de.statista.com/statistik/daten/studie/74720/umfrage/anzahl-der-privathaushalte-in-den-laendern-der-eu/}},
  note = {Zugriff: 19.11.2019},
  year={2019},
}

@misc{Webp:FinStat,
  author={Official Statistics of Finland},
  title={Energy consumption in households fell slightly in 2017},
  howpublished = {\url{https://www.stat.fi/til/asen/2017/asen_2017_2018-11-22_tie_001_en.html}},
  note = {Zugriff: 19.11.2019},
  year={2018},
}

@misc{Webp:WWOMAN,
  author={{World Weather Online}},
  title={mannheim-weather-averages},
  howpublished = {\url{https://www.worldweatheronline.com/lang/de/mannheim-weather-averages/baden-wurttemberg/de.aspx}},
  note = {Zugriff: 08.11.2019},
  year={2018},
}

@misc{Webp:WWOFIN,
  author={{World Weather Online}},
  title={oulu-weather-averages},
  howpublished = {\url{https://www.worldweatheronline.com/lang/de/oulu-weather-averages/oulu/fi.aspx}},
  note = {Zugriff: 01.11.2019},
  year={2018},
}

@misc{Webp:WWOAS,
  author={{World Weather Online}},
  title={alice-springs-weather-averages},
  howpublished = {\url{https://www.worldweatheronline.com/alice-springs-weather-averages/northern-territory/au.aspx}},
  note = {Zugriff: 04.11.2019},
  year={2018},
}
@misc{Webp:ISESOLAR,
  author={Fraunhofer-Institut},
  title={Aktuelle Fakten zur Photovoltaik in Deutschland },
  howpublished = {\url{}},
  note = {Zugriff: 23.11.2019},
  year={2019},
}

@Article{Art:ENERGYENV,
author ="Jensen, S. H. and Graves, C. and Mogensen, M. and Wendel, C. and Braun, R. and Hughes, G. and Gao, Z. and Barnett, S. A.",
title  ="Large-scale electricity storage utilizing reversible solid oxide cells combined with underground storage of CO2 and CH4",
journal  ="Energy Environ. Sci.",
year  ="2015",
volume  ="8",
issue  ="8",
pages  ="2471-2479",
publisher  ="The Royal Society of Chemistry",
doi  ="10.1039/C5EE01485A",
url  ="http://dx.doi.org/10.1039/C5EE01485A",
}